<?xml version="1.0" encoding="UTF-8"?><collection xmlns="http://www.loc.gov/MARC21/slim"><record><leader>00494nam--2200169-i-4500</leader><controlfield tag="001">000015570</controlfield><controlfield tag="002">20161230</controlfield><controlfield tag="005">20161230201031</controlfield><controlfield tag="008">060222s1000------------r-----000-0-eng-d</controlfield><datafield ind1=" " ind2=" " tag="040"><subfield code="a">IFIN-HH</subfield></datafield><datafield ind1=" " ind2=" " tag="080"><subfield code="a">532.526.3</subfield></datafield><datafield ind1="1" ind2=" " tag="100"><subfield code="a">Burgers, J.M</subfield></datafield><datafield ind1="1" ind2="0" tag="245"><subfield code="a">The nonlinear diffusion equation</subfield><subfield code="b">Asymptotic solutions and statistical problems</subfield><subfield code="c">J.m. burgers</subfield></datafield><datafield ind1=" " ind2=" " tag="260"><subfield code="a">Dordrecht-holland, D.Reidel Publishing Company, 1974</subfield></datafield><datafield ind1=" " ind2=" " tag="300"><subfield code="a">174 P</subfield></datafield><datafield ind1=" " ind2=" " tag="852"><subfield code="a">73176</subfield><subfield code="c">532</subfield></datafield><datafield ind1=" " ind2=" " tag="CAT"><subfield code="a">Sys</subfield><subfield code="c">20100723</subfield><subfield code="h">130922</subfield></datafield></record></collection>